 @article{Ackermann, title={STAR detector overview}, volume={499}, ISSN={01689002}, DOI={10.1016/S0168-9002(02)01960-5}, abstractNote={An introduction to the STAR detector and a brief overview of the physics goals of the experiment are presented. r 2002 Elsevier Science B.V. All rights reserved.}, number={2–3}, journal={Nuclear Instruments and Methods in Physics Research Section A: Accelerators, Spectrometers, Detectors and Associated Equipment}, author={The STAR collaboration}, year={2003}, month={Mar}, pages={624–632}, language={en} }
 
 @article{ack, title={The forward time projection chamber in STAR}, 
 volume={499}, 
 ISSN={01689002}, DOI={10.1016/S0168-9002(02)01968-X}, 
number={2–3}, 
journal={Nuclear Instruments and Methods in Physics Research Section A: Accelerators, Spectrometers, Detectors and Associated Equipment}, 
author={The STAR collaboration}, 
year={2003}, month={Mar}, pages={659–678}, language={en} }


 @article{Arnold, title={The STAR silicon strip detector (SSD)}, volume={499}, ISSN={01689002}, DOI={10.1016/S0168-9002(02)01963-0}, author={The STAR collaboration}, year={2003}, month={Mar}, pages={652–658}, language={en} }
 
 @article{Bellwied, title={The STAR Silicon Vertex Tracker: A Large Area Silicon Drift Detector},
 journal={Nuclear Instruments and Methods in Physics Research A},
 author={The STAR collaboration}, pages={15}, language={en} }

 
 
 @article{Beth_La, title={The Brookhaven Alternating Gradient Synchrotron: Construction of a massive nuclear research machine requires ideas, men, and methods from many fields.}, volume={128}, ISSN={0036-8075, 1095-9203}, DOI={10.1126/science.128.3336.1393}, number={3336}, journal={Science}, author={Beth, R. A. and Lasky, C.}, year={1958}, month={Dec}, pages={1393–1401}, language={en} }
 @book{Blum3, address={Berlin, Heidelberg}, series={Accelerator Physics}, title={Particle Detection with Drift Chambers}, ISBN={978-3-540-58322-6}, url={http://link.springer.com/10.1007/978-3-662-02920-6}, DOI={10.1007/978-3-662-02920-6}, publisher={Springer Berlin Heidelberg}, author={Blum, Walter and Rolandi, Luigi}, year={1993}, collection={Accelerator Physics}, language={en} }
 @article{Csernai_Kapusta_McLerran_2006, title={Properties of the quantum fluid at RHIC}, volume={32}, ISSN={0954-3899, 1361-6471}, DOI={10.1088/0954-3899/32/12/S14},  number={12}, journal={Journal of Physics G: Nuclear and Particle Physics}, author={Csernai, László P and Kapusta, Joseph I and McLerran, Larry D}, year={2006}, month={Dec}, pages={S115–S121}, language={en} }
 
 @article{Harrison_Ludlam_Ozaki_2003, title={RHIC project overview}, volume={499}, ISSN={01689002}, DOI={10.1016/S0168-9002(02)01937-X},
 number={2–3}, journal={Nuclear Instruments and Methods in Physics Research Section A: Accelerators, Spectrometers, Detectors and Associated Equipment}, 
 author={Harrison, M. and Ludlam, T. and Ozaki, S.}, year={2003}, 
 month={Mar}, 
 pages={235–244}, 
 language={en} }
 
 @article{Harrison_Peggs_Roser_2002, title={The RHIC Accelerotor}, volume={52}, ISSN={0163-8998, 1545-4134}, DOI={10.1146/annurev.nucl.52.050102.090650}, 
 number={1}, 
 journal={Annual Review of Nuclear and Particle Science}, 
 author={Harrison, M. and Peggs, S. and Roser, T.}, year={2002}, month={Dec}, pages={425–469}, language={en} }
 
 @book{Knoll_2000, address={New York}, edition={3rd ed}, title={Radiation detection and measurement}, ISBN={978-0-471-07338-3}, callNumber={QC787.C6 K56 2000}, publisher={Wiley}, author={Knoll, Glenn F.}, year={2000}, language={en} }
 @article{Lombardi, title={The Radio Frequency Quadrupole (RFQ)}, abstractNote={In this paper we explain the function and the beam dynamics of a Radio Frequency Quadrupole (RFQ) in the context of the CAS School for Small Accelerators.}, author={Lombardi, A M}, pages={7}, language={en} }
 @article{Parkkila, title={Quantifying the transport properties of quark-gluon plasma through measurement of higher harmonic flow and their non-linear response}, author={Parkkila, Jasper}, pages={161}, language={en} }
 
 @book{Fabjan_Schopper_2020, address={Cham},
 author={Christion W. Fabjan, Herwig Schopper},
 title={Particle Physics Reference Library: Volume 2: Detectors for Particles and Radiation}, ISBN={978-3-030-35317-9}, 
 url={http://link.springer.com/10.1007/978-3-030-35318-6}, DOI={10.1007/978-3-030-35318-6}, 
 publisher={Springer International Publishing}, year={2020}, language={en} }
 
 @book{Myers_Schopper_2020,
 address={Cham}, 
 author={Stephern Myers, herwig Schopper},
  title={Particle Physics Reference Library: Volume 3: Accelerators and Colliders}, ISBN={978-3-030-34244-9}, url={http://link.springer.com/10.1007/978-3-030-34245-6}, DOI={10.1007/978-3-030-34245-6}, publisher={Springer International Publishing}, year={2020}, language={en} }


 @article{Anderson, title={The STAR time projection chamber: a unique tool for studying high multiplicity events at RHIC}, 
 volume={499}, ISSN={01689002}, 
 DOI={10.1016/S0168-9002(02)01964-2}, number={2–3}, journal={Nuclear Instruments and Methods in Physics Research Section A: Accelerators, Spectrometers, Detectors and Associated Equipment}, author={The STAR collaboration}, year={2003}, month={Mar}, pages={659–678}, language={en} }

  @article{Ratzinger, title={H-TYPE LINAC STRUCTURES}, abstractNote={H-type cavities have been successfully developed over the last 25 years to serve for a large variety of applications in the field of ion acceleration. Radio Frequency Quadrupole (RFQ) and Drift Tube Linac (DTL) versions were designed in the H11- as well as in the H21-mode. The Interdigital H-type (IH) drift tube structure (H11(0)-mode) is efficient for an energy range from 100 keV/u to 30 MeV/u, especially when combined with KONUS beam dynamics. In overall power consumption the IH-DTL can compete with existing superconducting linacs up to beam energies of around 2 MeV/u. Additionally, effective voltage gains as high as 10.7 MV/m were demonstrated in pulsed operation. The GSI High Current Linac has reached new marks for drift tube structures with (A/q)max   60 and Imax/emA = 0.25·A/q. The effective voltage gain of that 36 MHz, 80 MV IH-linac is 4.2 MV/m. The IHRFQ (H110-mode) is well suited for heavy-ion beams with A/q   10, and the four-vane RFQ is very well established for proton and light-ion acceleration. At beam energies between 5 MeV/u and 150 MeV/u the Cross Bar H-Type (CH) drift tube structure (H210-mode) also shows great potential for room temperature and for superconducting designs.}, author={Ratzinger, U}, pages={30}, language={en} }
 @inproceedings{Surrow_STAollaboration_2007, address={Kyoto, Japan}, title={Recent results of the STAR high-energy polarized proton-proton program at RHIC at BNL}, volume={915}, ISSN={0094243X}, url={http://aip.scitation.org/doi/abs/10.1063/1.2750783}, DOI={10.1063/1.2750783}, abstractNote={One of the main objectives of the STAR spin physics program is the determination of the polarized gluon distribution function through a measurement of the longitudinal double-spin asymmetry, An, for various processes. Recent results will be shown on the measurement of An for inclusive jet production, neutral pion production and charged pion production at y/s = 200GeV. In addition to these measurements involving longitudinal polarized proton beams, the STAR collaboration has performed several important measurements employing transverse polarized proton beams. New results on the measurement of the transverse single-spin asymmetry, A^, for forward neutral pion production and the first measurement of AN for mid-rapidity di-jet production will be discussed.}, booktitle={AIP Conference Proceedings}, publisher={AIP}, author={Surrow, Bernd and STAR Collaboration}, year={2007}, pages={293–300}, language={en} }
 @book{Tavernier_2010, address={Berlin, Heidelberg}, title={Experimental Techniques in Nuclear and Particle Physics}, ISBN={978-3-642-00828-3}, url={https://link.springer.com/10.1007/978-3-642-00829-0}, DOI={10.1007/978-3-642-00829-0}, publisher={Springer Berlin Heidelberg}, author={Tavernier, Stefaan}, year={2010}, language={en} }
 @article{Theollaboration_2017, title={Global Λ hyperon polarization in nuclear collisions}, volume={548}, ISSN={0028-0836, 1476-4687}, DOI={10.1038/nature23004}, number={7665}, journal={Nature}, author={The STAR Collaboration}, year={2017}, month={Aug}, pages={62–65}, language={en} }
 @article{The_Collaboration_2020, title={Measurement of the mass difference and the binding energy of the hypertriton and antihypertriton}, volume={16}, ISSN={1745-2473, 1745-2481}, DOI={10.1038/s41567-020-0799-7}, number={4}, journal={Nature Physics}, author={The STAR Collaboration}, year={2020}, month={Apr}, pages={409–412}, language={en} }


 
 @article{TheSTARCollaborati, title={Observation of an Antimatter Hypernucleus}, volume={328}, ISSN={0036-8075, 1095-9203}, DOI={10.1126/science.1183980}, number={5974}, journal={Science}, author={The STAR Collaboration }, year={2010}, month={Apr}, pages={58–62}, language={en} }
 @article{Xu_2022, title={Constraints on neutron skin thickness and nuclear deformations using relativistic heavy-ion collisions from STAR}, url={http://arxiv.org/abs/2208.06149},
 note={arXiv:2208.06149 [nucl-ex, physics:nucl-th]},
 number={arXiv:2208.06149}, 
 publisher={arXiv}, 
 author={Xu, Haojie}, 
 year={2022}, 
 month={Aug}, language={en} }


@article{sadf, title={A Brief Stude of RHIC Detectors}, url={https://www.gyanvihar.org/journals/index.php/2018/12/04/a-brief-study-of-rhic-detectors/},
author={Abhilasha Saini}}

@article{assss, title={A Preshower Photon Multiplicity Detector for the ALICE Experiment},
author={Manev A., Zubayer A., Anju B., Ashok B.},
year={1999}
}
@techreport{askgh, title={STAR Conceptual Design Report},
author={The STAR Collaboration},
year={}
}
@techreport{liukjgh, 
title={Conceptual Design Report for the Solenoidal Tracker At RHIC},
author={The STAR Collaboration},
journal={},
year={1992},
month={06}
}

@article{dd, 
title={Experimental and theoretical challenges in the search for the quark–gluon plasma: The STAR Collaboration’s critical assessment of the evidence from RHIC collisions},
author={The STAR Collaboration}, 
journal={Nuclear Physics A}, 
year={2005},
month={}}

@article{eed, 
title={Heavy Flavour Production at STAR},
author={Haibin Z.}, 
journal={Journal of Physics G: Nuclear and Particle Physics}, 
year={2006},
doi={doi:10.1088/0954-3899/32/12/S03}
}

@article{dsf, 
title={Highlights from the STAR Experiment},
author={Zhenyu Ye},
year={2018},
month={},
doi={https://doi.org/10.1016/j.nuclphysa.2018.09.086},
journal={Nuclear Physics A}
}

 @book{Particleacceleratorphysics_2015, address={New York, NY}, ISBN={978-3-319-18316-9},
 author={Helmut Wiedemann},
 publisher={Springer Berlin Heidelberg}, year={2015}, language={en} }

@article{22, 
title={The STAR Photon Multiplicity Detextor},
author={The STAR Collaboration},
year={2003},
month={03},
doi={https://doi.org/10.1016/S0168-9002(02)01972-1},
journal={Nuclear Instruments and Methods in Physics Research Section A}
}

@article{2s, 
title={The STAR Barrel Electromagnetic Calorimeter},
author={The STAR Collaboration},
year={2003},
month={03},
doi={https://doi.org/10.1016/S0168-9002(02)01970-8},
journal={Nuclear Instruments and Methods in Physics Research Section A}
}
@article{2sd, 
title={The silicon strip detector for STAR},
author={The STAR Collaboration},
year={2005},
month={09},
doi={https://doi.org/10.1016/j.nima.2005.04.020},
journal={Nuclear Instruments and Methods in Physics Research Section A}
}
@article{dsg, 
title={Quarkonia production at RHIC},
author={M. J. Leitch},
year={2006},
month={},
doi={doi:10.1088/0954-3899/32/12/S48},
journal={JOURNAL OF PHYSICS G: NUCLEAR AND PARTICLE PHYSICS}
}

@article{2fd, 
title={STAR Highlights},
author={Z. Xu},
year={2021},
month={01},
doi={https://doi.org/10.1016/j.nuclphysa.2020.121894},
journal={Nuclear Physics A}
}

@article{2ds, 
title={The Forward Time Projection Chamber (FTPC) in STAR},
author={The STAR Collaboration},
year={2003},
month={03},
doi={https://doi.org/10.1016/S0168-9002(02)01968-X},
journal={Nuclear Instruments and Methods in Physics Research Section A}
}
@book{accel,
author={Klaus Wille}, 
title={The Physics of Particle Accelerators},
publisher={Oxford University Press},
ISBN={0-19-850550-7}
}
@book{landau, 
title={Electrodynamics of Continuous Media}, 
author={L.D. Landau, E.M.Lifshitz, L.P. Pitaevskii},
publisher={Butterworth Heinemann}
}
@book{sd,
title={Particle Detectors},
author={Claus Grupen, Boris Shwartz},
publisher={Cambridge University Press}}

@article{234, 
title={Identification of high $p_T$ Particle with the STAR-RICH Detector},
author={The STAR Collaboration},
year={2003},
month={03},
doi={https://doi.org/10.1016/S0168-9002(02)01969-1},
journal={Nuclear Instruments and Methods in Physics Research Section A}
}

@article{2342, 
title={Overview of charm production at RHIC},
author={Zhangbu Xu},
year={2006},
month={},
doi={doi:10.1088/0954-3899/32/12/S38},
journal={JOURNAL OF PHYSICS G: NUCLEAR AND PARTICLE PHYSICS}
}

@article{2hjj2, 
title={The RHIC Accelerator},
author={M. Harrison, S. Peggs, R. Roser},
year={2002},
month={},
doi={10.1146/annurev.nucl.52.050102.090650},
journal={Annual Review of Nuclear and Particle Science}
}

@article{2hsdfjj2, 
title={RHIC project overview},
author={M. Harrison, T. Ludlam, S. Ozaki*},
year={2003},
month={},
doi={10.1016/S0168-9002(02)01937-X},
journal={Nuclear Instruments and Methods in Physics Research A}
}

@phdthesis{ddsf, 
author={Devika Gunarathne},
institution={},
school={},
title={Measurement of the Longitudianl Single-Spin Asymmetry for $W^\pm$ Boson Production in Polarized Proton-Proton Collisions at $\sqrt{s}=510GeV$ at RHIC}}

@phdthesis{AN_asymmetry, 
author={Yuxi Pan},
school={University of California Los Angeles},
title={Measurement of Transverse Single Spin Asymmetries for $\pi^0$ and Jets at Large $x_F$ in $\sqrt{s}=500GeV$ Polarized Proton Collisions at STAR}}

@article{spin_results,
author={M.Tokarev}, 
title={Recent STAR Spin Results and Spin Measurements at RHIC},
year={2018},
month={March} 
journal={Physics of Particles and Nuclei Letters},
doi={10.1134/S1547477118050151}
}

@article{sss,
author={Elke C.Aschenauer},
title={Measurement of Transverse Single Spin
Asymmetry for $\pi^0$ at Forward Direction in 200 and 500
GeV Polarized Proton-Proton Collisions at RHIC-STAR},
school={Shandong University}}

